1748 3074
422 143 425 147 ,
493 109 555 151 Α.
587 108 650 150 v.
678 109 731 148 c.
759 93 880 149 566.
916 68 924 125 Ῐ
952 107 1014 149 Α.
1039 108 1097 149 c.
1127 91 1256 150 138.¹
1506 49 1605 161 {33

104 246 466 319 feminaeque
503 245 749 301 mortem
795 242 893 300 fibi
947 246 1360 304 consciverunt.
1431 248 1593 300 Con-

102 316 303 385 juraffe
350 319 520 389 supra
574 317 787 385 septem
833 314 1014 368 'millia
1051 314 1313 367 virorum
1346 333 1410 366 ac
1455 333 1591 367 mu-

104 385 316 438 lierum
348 382 693 438 dicebantur.
766 382 968 454 Capita
1007 383 1193 434 autem
1233 382 1588 447 conjuratio-

107 452 198 504 nis
231 450 510 504 constabat
546 447 685 515 effe,
732 451 815 504 M.
848 460 910 504 et
941 451 1002 504 C.
1040 450 1270 503 Atinios
1295 450 1386 513 Vde
1420 450 1585 520 plebe

103 518 387 585 Romana,
438 527 494 571 et
516 517 795 572 Faliscum
831 519 900 574 L.
929 516 1320 591 Opiternium,
1369 529 1424 569 et
1461 517 1583 570 Mi·-

102 589 267 640 nium
307 587 637 640 'Cerrinium
677 587 1056 657 Campanum:
1124 586 1192 638 ab
1245 584 1334 637 his
1386 586 1583 643 omnia

101 653 359 706 facinora
395 665 451 707 et
487 654 699 723 flagitia
735 663 888 707 orta:
941 667 1037 706 eos
1074 653 1356 718 maximos
1394 655 1582 706 sacer·-

101 722 260 776 dotes
287 721 718 793 conditoresque
746 723 861 790 ejus
881 722 1028 780 ,sacri
1054 723 1175 774 effe.
1230 723 1376 775 Data
1402 737 1582 792 opera

102 791 315 854 est,'ut'
338 791 528 862 primo
563 807 784 858 quoque
822 800 1082 860 tempore
1123 787 1578 858 comprehende-

99 865 316 922 rentur.
408 856 661 911 Adducti
709 857 778 909 ad
830 858 1081 911 consules
1130 854 1354 931 fassique
1407 856 1478 910 dc
1521 857 1583 910 so

96 925 317 983 nullam
351 943 578 977 moram
612 925 818 994 judicio
854 925 1132 978 fecerunt.
1204 952 1207 955 -
1436 952 1446 967 ·-

201 992 424 1047 XVIII.
477 993 745 1044 Ceterum
776 1002 930 1045 tanta
965 989 1101 1061 fuga
1127 1001 1202 1044 ex'
1228 991 1386 1045 Vrbe
1427 991 1578 1044 facta

35 1067 38 1073 '
101 1070 240 1125 erat,
276 1069 355 1125 ut,
394 1066 524 1129 quia
561 1061 757 1112 multis
795 1062 1043 1113 actiones
1082 1067 1137 1110 et
1168 1078 1259 1111 res
1290 1059 1579 1131 peribant,
1650 1067 1653 1072 ’

98 1136 438 1195 cogerentur
473 1137 764 1197 praetores
804 1129 875 1182 T.
900 1127 1163 1180 Maenius
1200 1137 1268 1178 ‘et
1308 1127 1388 1179 M.
1414 1126 1579 1181 Lici-

96 1195 227 1246 niUs
257 1213 361 1266 per
383 1196 636 1265 senatum
666 1213 758 1245 res
801 1195 864 1247 in
903 1194 1055 1246 diem
1087 1193 1428 1261 trigesimum
1461 1191 1579 1245 dif-

94 1263 268 1329 ferre,
307 1261 487 1314 donec
527 1262 873 1331 quaestiones
907 1280 946 1313 -a
983 1262 1299 1314 consulibus
1329 1261 1574 1333 perfice-

96 1339 315 1382 rentur.
386 1325 602 1383 Eadem
629 1327 886 1391 solitudo,
923 1333 1055 1398 quia
1075 1329 1300 1382 Romae
1318 1348 1437 1383 non
1473 1347 1573 1381 re-

98 1397 476 1467 spondebant,
523 1414 628 1448 nec
666 1397 1131 1460 inveniebantur,
1179 1411 1424 1465 quorum
1458 1415 1569 1465 no-

93 1460 253 1516 m'ina
290 1463 474 1516 delata
503 1472 693 1526 erant,
728 1463 924 1531 coegit
965 1463 1214 1516 consules
1253 1463 1404 1515 circa
1443 1463 1574 1517 sora

97 1530 407 1603 proficisci,
443 1530 632 1596 ibique
667 1546 937 1596 quaerere
970 1530 1260 1598 et'judicia
1287 1549 1574 1584 exercere.

98 1597 216 1668 Qui
243 1607 464 1650 tantum
487 1596 695 1649 initiati
719 1609 908 1662 erant,
931 1608 986 1650 et
1009 1615 1079 1648 ex
1117 1598 1367 1649 carmine
1395 1601 1569 1663 sacru,

99 1673 415 1740 praeeunte
441 1663 634 1726 'verba
667 1664 977 1728 sacerdote,
1025 1666 1380 1734 precationes
1415 1665 1574 1718 fece-

93 1743 254 1798 rant,
306 1732 368 1785 in
412 1731 615 1801 quibus
647 1729 890 1784 nefanda
927 1731 1244 1798 conjuratio
1297 1732 1358 1785 in
1399 1751 1572 1785 omne

102 1802 323 1862 facinus
354 1817 418 1850 ac
453 1797 751 1852 libidinem
789 1799 1198 1863 continebatur,
1237 1818 1339 1850 nec
1371 1818 1586 1852 earum.

100 1886 300 1923 rerum
342 1867 554 1931 ullam,
600 1866 663 1918 in
710 1883 846 1934 quas
894 1868 1017 1934 jure
1057 1867 1295 1933 jurando
1338 1868 1573 1936 obligati

99 1945 280 2000 erant,
316 1934 379 1987 in
414 1936 466 1985 se
497 1942 592 1985 aut
626 1934 772 1985 alios
807 1933 1163 2000 admiserant,-
1202 1952 1296 1985 eos
1331 1935 1394 1987 in
1435 1935 1572 1986 vin-

98 2004 240 2056 culis
298 2001 717 2071 relinquebant:
783 2002 878 2070 qui
926 2002 1126 2072 stupris
1169 2010 1268 2060 ,aut
1303 2002 1566 2054 caedibus

95 2069 299 2124 violati
323 2078 503 2133 erant,
541 2069 638 2136 qui
661 2067 806 2122 salfis
832 2068 1179 2136 testimoniis,
1214 2069 1378 2136 fignis
1403 2069 1570 2122 adul-—

97 2137 331 2200 teriniS,
367 2135 707 2203 subjectione
746 2136 1234 2203 testamentorum,
1273 2136 1568 2189 fraudibus

97 2206 223 2259 aliis
263 2202 660 2267 contaminati,
713 2220 807 2255 eos
846 2203 1071 2273 capitali
1110 2222 1296 2274 poena
1336 2204 1570 2256 adficie-

95 2274 251 2328 bant.
320 2270 522 2323 Plures
558 2271 756 2335 necati,
793 2288 960 2340 quam
986 2273 1048 2322 in
1078 2272 1306 2324 vincula
1329 2271 1568 2338 conjecti

98 2344 244 2396 sunt.
327 2337 541 2406 Magna
582 2337 669 2389 vis
715 2339 778 2390 in
820 2349 1078 2408 utraque-
1107 2340 1263 2392 causa
1305 2341 1568 2392 virorum

33 2434 38 2438 ·
100 2408 523 2474 mulierumque
551 2403 674 2458 fuit.
743 2406 1019 2459 Mulieres
1041 2406 1327 2460 damnatas
1354 2422 1567 2472 cogna-

10 2530 18 2537 ,
87 2477 191 2536 tie,
228 2483 323 2529 aut
356 2473 417 2524 in
458 2489 694 2540 quorum
722 2491 898 2525 manu
936 2475 1120 2540 essent,
1155 2474 1464 2539 tradebant,
1502 2481 1566 2526 ut

105 2539 207 2611 ipsi
251 2544 311 2593 in
357 2540 582 2610 privato
638 2540 1157 2610 animadverterent
1205 2540 1266 2592 in
1308 2559 1419 2593 eas.
1501 2540 1563 2593 Si

107 2624 275 2658 nemo
302 2618 421 2660 erat
445 2607 681 2659 idoneus
703 2608 959 2679 subplicii
978 2618 1229 2669 exactor,
1254 2613 1315 2660 in
1338 2607 1564 2678 publico

109 2672 675 2727 animadvertebatur.
747 2677 959 2729 Datum
1010 2676 1211 2729 deinde
1250 2674 1566 2729 consulibus

107 2736 398 2812 negotium
439 2744 542 2811 est,
595 2752 658 2795 ut
708 2744 903 2797 omnia
940 2743 1311 2797 Bacchanalia
1346 2744 1568 2816 Romqe

838 2811 923 2864 Ll
960 2813 990 2868 5
1439 2827 1568 2882 prl-
